@online{Schochdimensionalityreduction,
  author = {David Schoch},
  title = {Dimensionality Reduction Methods Using Fifa 18 Player Data},
  year = 2017,
  url = {http://blog.schochastics.net/post/dimensionality-reduction-methods/},
  urldate = {2018-11-23}
}