@book{Bansal2016Apache,
    title={Apache Hive Cookbook},
    author={Bansal, Hanish and Chauhan, Saurabh and Mehrotra, Shrey},
    publisher={Packt Publishing},
    year={2016},
}
@book{capriolo2012programming,
    title={Programming Hive: Data warehouse and query language for Hadoop},
    author={Capriolo, Edward and Wampler, Dean and Rutherglen, Jason},
    year={2012},
    publisher={" O'Reilly Media, Inc."}
}
@book{du2015apache,
    title={Apache Hive Essentials},
    author={Du, Dayong},
    year={2015},
    publisher={Packt Publishing Ltd}
}