@online{Back2016, 
    author = {{Google Inc.}}, 
    title = {countries.csv}, 
    year = 2016, 
    howpublished = {DataSet Publishing Language}, 
    url = {https://developers.google.com/public-data/docs/canonical/countries_csv}, 
    urldate = {2018-06-17}
}
@article{王宇哲2013国债,
  title={美国长期国债市场上主要外国投资者的投资行为比较},
  author={王宇哲, 张明},
  journal={国际金融研究},
  number={11},
  pages={47-55},
  year={2013},
}
@article{李云林2007国债,
  title={外资扩张美国长期国债需求的国别实证分析——破解格林斯潘之“谜”系列研究一之五},
  author={李云林},
  journal={经济研究参考},
  number={56},
  pages={38-48},
  year={2007},
}
@article{李云林2009国债,
  title={中国、日本、英国持有美国证券的对比分析},
  author={李云林},
  journal={中国经贸导刊},
  number={1},
  pages={25-26},
  year={2009},
}
@article{张明2009外汇管理,
  title={中国外汇储备管理思路的应有变化},
  author={张明},
  journal={国际经济评论},
  number={5},
  pages={45-48},
  year={2009},
}
@article{张明2012国债,
  title={中国投资者是否是美国国债市场上的价格稳定者},
  author={张明},
  journal={世界经济},
  number={5},
  pages={46-61},
  year={2012},
}
@book{IMF2008,
  author    = {IMF},
  title     = {International Financial Statistics Yearbook 2008},
  publisher = {International Monetary Fund, Statistics Dept.},
  year      = 2008,
  address   = {Washington DC, USA},
  month     = 12,
}
@online{Elias2015,
  author = {Joran Elias and Ben Bolker},
  title = {Pass a data.frame column name to a function},
  year = 2015,
  url = {https://stackoverflow.com/questions/2641653/pass-a-data-frame-column-name-to-a-function},
  urldate = {2018-04-23}
}
@manual{EIU,
  title        = {CountryData},
  author       = {{Economist Intelligence Unit}}, 
  organization = {Economist Intelligence Unit},
  address      = {London},
  month        = 4,
  year         = 2018,
  note         = {https://eiu.bvdep.com/version-2018327/cgi/template.dll?product=101&user=ipaddress&dummy_forcingloginisapi=1}
}