@online{leilei,
  author = {Tony Rodriguez},
  title = {How to read multilevel json data and convert to Data frame in R},
  year = 2018,
  url = {https://community.rstudio.com/t/how-to-read-multilevel-json-data-and-convert-to-data-frame-in-r/7571/11},
  urldate = {2018-05-07}
}
